<record><leader>00000cas a22000007a 4500</leader><controlfield tag="001">19758299</controlfield><controlfield tag="008">890524d19201973mouwr ne      0    0eng d</controlfield><datafield ind1=" " ind2=" " tag="010"><subfield code="a">sn 89066562 </subfield></datafield><datafield ind1=" " ind2=" " tag="040"><subfield code="a">MQN</subfield><subfield code="b">eng</subfield><subfield code="c">MQN</subfield><subfield code="d">OCLCQ</subfield></datafield><datafield ind1=" " ind2=" " tag="042"><subfield code="a">msc</subfield></datafield><datafield ind1="0" ind2="4" tag="245"><subfield code="a">The Cameron sun and the weekly observer.</subfield></datafield><datafield ind1="3" ind2="0" tag="246"><subfield code="a">Cameron sun and weekly observer</subfield></datafield><datafield ind1="3" ind2="0" tag="246"><subfield code="a">Cameron sun</subfield></datafield><datafield ind1=" " ind2=" " tag="260"><subfield code="a">Cameron, Clinton County, Mo. :</subfield><subfield code="b">C.P. Dorsey,</subfield><subfield code="c">1920-1973.</subfield></datafield><datafield ind1=" " ind2=" " tag="300"><subfield code="a">v.</subfield></datafield><datafield ind1=" " ind2=" " tag="310"><subfield code="a">Weekly</subfield></datafield><datafield ind1="0" ind2=" " tag="362"><subfield code="a">Vol. 34, no. 29 (Sept. 23, 1920)-v. 86, no. 21 (Mar. 8, 1973).</subfield></datafield><datafield ind1=" " ind2=" " tag="515"><subfield code="a">Continues numbering of: Cameron sun (Cameron, Mo. : 1914).</subfield></datafield><datafield ind1=" " ind2="4" tag="651"><subfield code="a">Cameron (Mo.)</subfield><subfield code="v">Newspapers.</subfield></datafield><datafield ind1=" " ind2=" " tag="752"><subfield code="a">United States</subfield><subfield code="b">Missouri</subfield><subfield code="c">Clinton</subfield><subfield code="d">Cameron.</subfield></datafield><datafield ind1="0" ind2="4" tag="780"><subfield code="t">Cameron sun (Cameron, Mo. : 1914)</subfield><subfield code="w">(DLC)sn 93060174</subfield></datafield><datafield ind1="0" ind2="4" tag="780"><subfield code="t">Cameron observer (Cameron, Mo. : 1868)</subfield><subfield code="w">(DLC)sn 85033875</subfield></datafield><datafield ind1="0" ind2="5" tag="780"><subfield code="t">Winston sentinel</subfield><subfield code="w">(DLC)sn 86063997</subfield></datafield><datafield ind1="0" ind2="5" tag="780"><subfield code="t">Stewartsville news</subfield><subfield code="w">(DLC)sn 89066566</subfield></datafield><datafield ind1="0" ind2="5" tag="780"><subfield code="t">Cameron progress</subfield><subfield code="w">(DLC)sn 89066567</subfield></datafield><datafield ind1="0" ind2="0" tag="785"><subfield code="t">Cameron sun (Cameron, Mo. : 1973)</subfield><subfield code="w">(DLC)sn 89066563</subfield></datafield><datafield ind1="1" ind2=" " tag="029"><subfield code="a">AU@</subfield><subfield code="b">000020556881</subfield></datafield></record>